<?xml version="1.0" encoding="UTF-8"?><collection xmlns="http://www.loc.gov/MARC21/slim"><record><leader>00431nam--2200157-i-4500</leader><controlfield tag="001">000013960</controlfield><controlfield tag="002">20161230</controlfield><controlfield tag="005">20170212000054</controlfield><controlfield tag="008">060222s1000------------r-----000-0-eng-d</controlfield><datafield ind1=" " ind2=" " tag="100"><subfield code="a">Livescu, Jean</subfield></datafield><datafield ind1=" " ind2=" " tag="245"><subfield code="a">Dictionar german-roman. Editia a II-a revizuita si adaugita</subfield></datafield><datafield ind1=" " ind2=" " tag="260"><subfield code="a">Bucuresti</subfield><subfield code="b">Ed.Stiint.Si Encicl</subfield><subfield code="c">1982</subfield></datafield><datafield ind1=" " ind2=" " tag="300"><subfield code="a">400 p</subfield></datafield><datafield ind1=" " ind2=" " tag="700"><subfield code="a">Savin, Emilia</subfield></datafield><datafield ind1=" " ind2=" " tag="852"><subfield code="a">801.323.2=30=590</subfield></datafield><datafield ind1=" " ind2=" " tag="CAT"><subfield code="a">SYS</subfield><subfield code="c">20170212</subfield><subfield code="h">000054</subfield></datafield></record></collection>